<record><leader>00000cas a22000007a 4500</leader><controlfield tag="001">16258302</controlfield><controlfield tag="008">870721d187818uupauwr ne      0    0eng d</controlfield><datafield ind1=" " ind2=" " tag="010"><subfield code="a">sn 87080430 </subfield></datafield><datafield ind1=" " ind2=" " tag="040"><subfield code="a">NPH</subfield><subfield code="b">eng</subfield><subfield code="c">NPH</subfield><subfield code="d">OCLCQ</subfield></datafield><datafield ind1=" " ind2=" " tag="042"><subfield code="a">msc</subfield></datafield><datafield ind1="0" ind2=" " tag="130"><subfield code="a">Sunday news dealer (Wilkes-Barre, Pa. : 1878)</subfield></datafield><datafield ind1="1" ind2="4" tag="245"><subfield code="a">The Sunday news dealer.</subfield></datafield><datafield ind1="3" ind2="0" tag="246"><subfield code="a">Plain dealer</subfield></datafield><datafield ind1="3" ind2="0" tag="246"><subfield code="a">Plain dealer, and Sunday news</subfield></datafield><datafield ind1=" " ind2=" " tag="260"><subfield code="a">Wilkes-Barre, Pa. :</subfield><subfield code="b">Plain Dealer Pub. Co.</subfield></datafield><datafield ind1=" " ind2=" " tag="300"><subfield code="a">v. ;</subfield><subfield code="c">62 cm.</subfield></datafield><datafield ind1="1" ind2=" " tag="362"><subfield code="a">Began in 1878?</subfield></datafield><datafield ind1=" " ind2=" " tag="588"><subfield code="a">Description based on: Vol. 1, no. 8 (July 7, 1878).</subfield></datafield><datafield ind1=" " ind2=" " tag="752"><subfield code="a">United States</subfield><subfield code="b">Pennsylvania</subfield><subfield code="c">Luzerne</subfield><subfield code="d">Wilkes-Barre.</subfield></datafield><datafield ind1="0" ind2=" " tag="775"><subfield code="t">Dollar weekly news-dealer</subfield><subfield code="w">(DLC)sn 86099916</subfield></datafield><datafield ind1="0" ind2="0" tag="785"><subfield code="t">Sunday morning free press and news-dealer</subfield><subfield code="w">(DLC)sn 87080431</subfield></datafield></record>